@misc{python_website,
  author = {{Python Software Foundation}},
  title = {Welcome to Python.org},
  url = {https://www.python.org/},
  note = {(accessed May 12, 2025)}
}

@book{python_cookbook,
  author    = {David Beazley and Brian K. Jones},
  title     = {Python Cookbook},
  publisher = {O'Reilly Media},
  year      = {2013},
  edition   = {3rd},
  note      = {ISBN: 9781449340377},
}

@misc{django_website,
  author = {{Django Software Foundation}},
  title = {The Web framework for perfectionists with deadlines},
  url = {https://www.djangoproject.com/},
  note = {(accessed May 12, 2025)}
}

@book{django_for_apis,
  author    = {William S. Vincent},
  title     = {Django for APIs: Build web APIs with Python \& Django},
  publisher = {WelcomeToCode},
  year      = {2022},
  note      = {ISBN: 9781735467221},
}

@misc{react_website,
  author = {{Meta}},
  title = {A JavaScript library for building user interfaces},
  url = {https://react.dev/},
  note = {(accessed May 12, 2025)}
}

@book{learning_react,
  author    = {Alex Banks and Eve Porcello},
  title     = {Learning React: Modern Patterns for Developing React Apps},
  publisher = {O'Reilly Media},
  year      = {2020},
  edition   = {2nd},
  note      = {ISBN: 9781492051725},
}

@misc{postgresql_website,
  author = {{PostgreSQL Global Development Group}},
  title = {The world's most advanced open source relational database},
  url = {https://www.postgresql.org/},
  note = {(accessed May 12, 2025)}
}

@book{postgresql_up_and_running,
  author    = {Regina O. Obe and Leo S. Hsu},
  title     = {PostgreSQL: Up and Running},
  publisher = {O'Reilly Media},
  year      = {2017},
  edition   = {3rd},
  note      = {ISBN: 9781491963418},
}

@misc{aws_website,
  author = {{Amazon Web Services, Inc.}},
  title = {Amazon Web Services (AWS) - Cloud Computing Services},
  url = {https://aws.amazon.com/},
  note = {(accessed May 12, 2025)}
}

@book{aws_for_non_engineers,
  author    = {Hiroko Nishimura},
  title     = {AWS for Non-Engineers},
  publisher = {O'Reilly Media},
  year      = {2022},
  note      = {ISBN: 9781098113647},
}

@misc{s3_website,
  author = {{Amazon Web Services, Inc.}},
  title = {Amazon S3 - Cloud Object Storage - AWS},
  url = {https://aws.amazon.com/s3/},
  note = {(accessed May 12, 2025)}
}

@book{aws_cookbook,
  author    = {John Culkin and Mike Zazon},
  title     = {AWS Cookbook: Recipes for Success on AWS},
  publisher = {O'Reilly Media},
  year      = {2021},
  note      = {ISBN: 9781492092605},
}

@misc{docker_website,
  author = {{Docker, Inc.}},
  title = {Docker: Accelerated, Containerized Application Development},
  url = {https://www.docker.com/},
  note = {(accessed May 12, 2025)}
}

@book{docker_deep_dive,
  author    = {Nigel Poulton},
  title     = {Docker Deep Dive},
  publisher = {Leanpub},
  year      = {2023},
  edition   = {5th},
  note      = {ISBN: 9781838436875},
}

@misc{grpc_website,
  author = {{The gRPC Authors}},
  title = {gRPC},
  url = {https://grpc.io/},
  note = {(accessed May 12, 2025)}
}

@book{grpc_up_and_running,
  author    = {Kasun Indrasiri and Danesh Kuruppu},
  title     = {gRPC: Up and Running},
  publisher = {O'Reilly Media},
  year      = {2020},
  note      = {ISBN: 9781492058335},
}

@misc{protobuf_website,
  author = {{Protocol Buffers}},
  title = {Protocol Buffers},
  url = {https://protobuf.dev/},
  note = {(accessed May 12, 2025)}
}

@book{protobuf_the_definitive_guide,
  author    = {W. Jason Gilmore},
  title     = {Protobuf: The Definitive Guide},
  publisher = {O'Reilly Media},
  year      = {2024},
  note      = {ISBN: 9781098130125},
}

@misc{waterfall_model_wiki,
  author = {{Wikipedia}},
  title = {Waterfall model},
  url = {https://en.wikipedia.org/wiki/Waterfall\_model},
  note = {(accessed May 12, 2025)}
}

@book{software_engineering_sommerville,
  author    = {Ian Sommerville},
  title     = {Software Engineering},
  publisher = {Pearson},
  year      = {2015},
  edition   = {10th},
  note      = {ISBN: 9780133943030},
}

@misc{mvc_wiki,
  author = {{Wikipedia}},
  title = {Model–view–controller},
  url = {https://en.wikipedia.org/wiki/Model–view–controller},
  note = {(accessed May 12, 2025)}
}

@book{patterns_of_enterprise_application_architecture,
  author    = {Martin Fowler},
  title     = {Patterns of Enterprise Application Architecture},
  publisher = {Addison-Wesley},
  year      = {2002},
  note      = {ISBN: 9780321127426},
}

@misc{microservices_fowler,
  author = {Fowler, Martin},
  title = {Microservices},
  url = {https://martinfowler.com/articles/microservices.html},
  note = {(accessed May 12, 2025)}
}

@book{building_microservices,
  author    = {Sam Newman},
  title     = {Building Microservices: Designing Fine-Grained Systems},
  publisher = {O'Reilly Media},
  year      = {2021},
  edition   = {2nd},
  note      = {ISBN: 9781492034025},
}

@misc{docker_container_wiki,
  author = {{Wikipedia}},
  title = {Operating system–level virtualization},
  url = {https://en.wikipedia.org/wiki/OS-level\_virtualization},
  note = {(accessed May 12, 2025) - Liên quan đến container hóa}
}

@book{container_security,
  author    = {Liz Rice},
  title     = {Container Security: Fundamental Technology Concepts that Protect Containerized Applications},
  publisher = {O'Reilly Media},
  year      = {2020},
  note      = {ISBN: 9781492056706},
}

@misc{grpc_use_cases,
  author = {{The gRPC Authors}},
  title = {Core concepts},
  url = {https://grpc.io/docs/what-is-grpc/core-concepts/\#use-cases},
  note = {(accessed May 12, 2025)}
}

@book{microservices_patterns,
  author    = {Chris Richardson},
  title     = {Microservices Patterns: With examples in Java},
  publisher = {Manning Publications},
  year      = {2018},
  note      = {ISBN: 9781617294549},
}

@misc{protobuf_overview,
  author = {{Protocol Buffers}},
  title = {Overview},
  url = {https://protobuf.dev/getting-started/overview/},
  note = {(accessed May 12, 2025)}
}

@misc{devcontainers_docs,
  author = {{Microsoft}},
  title = {Developing inside a Container},
  url = {https://code.visualstudio.com/docs/devcontainers/containers},
  note = {(accessed May 12, 2025)}
}

@book{devcontainers_book,
  author    = {Carlos Nunez},
  title     = {Dev Containers: Simplify Your Development Workflow with Containers in VS Code},
  publisher = {Packt Publishing},
  year      = {2023},
  note      = {ISBN: 9781805125669},
}
